<?xml version="1.0" encoding="UTF-8"?><collection xmlns="http://www.loc.gov/MARC21/slim"><record><leader>00395nam--2200145-i-4500</leader><controlfield tag="001">000014391</controlfield><controlfield tag="002">20161230</controlfield><controlfield tag="005">20161230201030</controlfield><controlfield tag="008">060222s1000------------r-----000-0-eng-d</controlfield><datafield ind1=" " ind2=" " tag="020"><subfield code="a">BOSTON, BIRKHAUSER, 1982. 561 P</subfield></datafield><datafield ind1=" " ind2=" " tag="100"><subfield code="a">Atwood, W.B</subfield></datafield><datafield ind1=" " ind2=" " tag="245"><subfield code="a">Bjorken, j</subfield></datafield><datafield ind1=" " ind2=" " tag="260"><subfield code="a">Brodsky, S</subfield></datafield><datafield ind1=" " ind2=" " tag="490"><subfield code="a">Lecture On Lepton Nucleon Scatering And Quan Tum Chromodynamics</subfield></datafield><datafield ind1=" " ind2=" " tag="653"><subfield code="a">Progress In Physics</subfield></datafield></record></collection>